@online{jira_analyze,
author = {Sašo Skube},
title = {\href{https://tracker.psi.ch/jira/browse/COSYLAB-256}{Analyze and document current tools - Jira issue}},
date = {24.7.2015},
howpublished = {\url{https://tracker.psi.ch/jira/browse/COSYLAB-256}},
}

@online{jira_requirements,
author = {Sašo Skube},
title = {\href{https://tracker.psi.ch/jira/browse/COSYLAB-310}{Collect requirements - Jira issue}},
date = {31.7.2015},
howpublished = {\url{https://tracker.psi.ch/jira/browse/COSYLAB-310}},
}